<?xml version="1.0" encoding="UTF-8"?><collection xmlns="http://www.loc.gov/MARC21/slim"><record><leader>00643nam--2200193-i-4500</leader><controlfield tag="001">000034620</controlfield><controlfield tag="002">20161230</controlfield><controlfield tag="005">20161230201040</controlfield><controlfield tag="008">060222s1000------------r-----000-0-rum-d</controlfield><datafield ind1=" " ind2=" " tag="040"><subfield code="a">IFIN-HH</subfield></datafield><datafield ind1=" " ind2=" " tag="041"><subfield code="a">rum</subfield></datafield><datafield ind1=" " ind2=" " tag="080"><subfield code="a">539.131:530.1:015</subfield></datafield><datafield ind1="1" ind2=" " tag="100"><subfield code="a">Nicorovici, Nicolae</subfield></datafield><datafield ind1="1" ind2="0" tag="245"><subfield code="a">Interpretarea ralatiilor dintre sectiunile partiale ale interactiunilor pi p.kp si pp cu ajutorul simetriilor unitare</subfield><subfield code="b">Teza</subfield><subfield code="c">Nicolae nicorovici</subfield></datafield><datafield ind1=" " ind2=" " tag="260"><subfield code="a">Bucuresti</subfield><subfield code="b">Institutul De Fizica Atomica</subfield><subfield code="c">1972</subfield></datafield><datafield ind1=" " ind2=" " tag="300"><subfield code="a">120P</subfield></datafield><datafield ind1=" " ind2=" " tag="502"><subfield code="a">Conducator Stiintific, Prof.Dr.Doc. Mihul Alexandru</subfield></datafield><datafield ind1=" " ind2=" " tag="852"><subfield code="a">37670</subfield><subfield code="c">539.131</subfield></datafield><datafield ind1=" " ind2=" " tag="CAT"><subfield code="a">Sys</subfield><subfield code="c">20120301</subfield><subfield code="h">130029</subfield></datafield></record></collection>